@Book{Kosiur01,
  author =       "David Kosiur",
  title =        "Understanding Policy-Based Networking",
  publisher =    "Wiley",
  year =         "2001",
  address =      "New York, NY",
  edition =      "2nd.",
  editor = 	 "",
  volume = 	 "",
  number = 	 "",
  series = 	 "",
  month = 	 "",
  note = 	 "",
}
